
@ONLINE{opendaylight,
title = {OpenDaylight | A Linux Foundation Collaborative Project},
month = may,
year = {2014},
url = {http://www.opendaylight.org/}
}