@techreport{McCh:96,
 author = {McKnight, D. H. and Chervany, N.L.},
 Institution = {The University of Minnesota},
 address = {Fremont, CA, USA},
 Title = {The meanings of trust},
 number = {Working Paper Series 96-04},
 Type = {MISRC},
 Year = {1996}
}

@article{Wi:93,
  title={Calculativeness, trust, and economic organization},
  author={Williamson, Oliver E},
  journal={JL \& Econ.},
  volume={36},
  pages={453},
  year={1993},
  publisher={HeinOnline}
}

@incollection{JoPr:04,
  title={Analysing the relationship between risk and trust},
  author={J{\o}sang, Audun and Presti, St{\'e}phane Lo},
  booktitle={Trust Management},
  pages={135--145},
  year={2004},
  publisher={Springer}
}
